@article{hybridRecommenderSystemReview,
  title={Hybrid Recommender Systems: A Systematic Literature Review},
  author={Erion Çano and Maurizio Morisio},
  journal={Intelligent Data Analysis},
  volume={21},
  number={6},
  pages={1487-1524},
  year={2017},
  publisher={IOS Press}
}

@article{systematicReviewRecommenderSystems,
  title={A Systematic Review and Research Perspective on Recommender Systems},
  author={Deepjyoti Roy and Mala Dutta},
  journal={Journal of Big Data},
  volume={9},
  number={1},
  pages={Article number: 59},
  year={2022},
  publisher={SpringerOpen}
}


@article{recommendationModelsTourism,
  title={Modelos de recomendación con falta de información: aplicaciones al sector turístico},
  author={Luis Gonzaga Pérez Cordón},
  journal={Consejería de Turismo, Comercio y Deporte, Junta de Andalucía},
  volume={1},
  number={N/A},
  pages={N/A},
  year={2009},
  publisher={Consejería de Turismo, Comercio y Deporte, Junta de Andalucía},
  note={Tesis doctoral dirigida por Luis Martínez López, Universidad de Jaén, Escuela Politécnica Superior, Departamento de Informática}
}

@article{knowledgeDiscoveryMethodology,
  title={Propuesta de una Metodología de Aplicación de Técnicas de Descubrimiento del Conocimiento para la Ayuda al Estudiante en Entornos de Enseñanza Superior},
  author={César Vialardi Sacin},
  journal={Universidad Autónoma de Madrid, Escuela Politécnica Superior, Departamento de Ingeniería Informática},
  volume={N/A},
  number={N/A},
  pages={N/A},
  year={2010},
  publisher={N/A},
  note={Tesis doctoral dirigida por D. Álvaro Ortigosa}
}

@misc{movielens,
  author       = {},
  howpublished = { (https://grouplens.org/datasets/movielens)},
  title        = {MovieLens Dataset},
  year         = {}
}


@misc{cornac,
  author = {Cornac Team},
  title = {Cornac: A Comparative Framework for Multimodal Recommender Systems},
  year = {2018},
  publisher = {GitHub},
  journal = {GitHub repository},
  howpublished = {\url{https://github.com/PreferredAI/cornac}},
}

